<?xml version="1.0" encoding="UTF-8"?><collection xmlns="http://www.loc.gov/MARC21/slim"><record><leader>00338nam--2200133-i-4500</leader><controlfield tag="001">000013134</controlfield><controlfield tag="002">20161230</controlfield><controlfield tag="005">20161230201030</controlfield><controlfield tag="008">060222s1000------------r-----000-0-eng-d</controlfield><datafield ind1=" " ind2=" " tag="080"><subfield code="a">621.375.92</subfield></datafield><datafield ind1=" " ind2=" " tag="100"><subfield code="a">Baican , Roman</subfield></datafield><datafield ind1=" " ind2=" " tag="245"><subfield code="a">Amplificatori maser cu corp solid</subfield></datafield><datafield ind1=" " ind2=" " tag="260"><subfield code="a">Bucuresti,Editura Academiei Rsr.,1976.254p</subfield></datafield><datafield ind1=" " ind2=" " tag="852"><subfield code="a">43334</subfield></datafield></record></collection>